<?xml version="1.0" encoding="UTF-8"?><collection xmlns="http://www.loc.gov/MARC21/slim"><record><leader>00611nam--2200181-i-4500</leader><controlfield tag="001">000026290</controlfield><controlfield tag="002">20161230</controlfield><controlfield tag="005">20161230201036</controlfield><controlfield tag="008">060222s1000------------r-----000-0-eng-d</controlfield><datafield ind1=" " ind2=" " tag="040"><subfield code="a">IFIN-HH</subfield></datafield><datafield ind1=" " ind2=" " tag="080"><subfield code="a">533.9(042:082.1)</subfield></datafield><datafield ind1="1" ind2=" " tag="100"><subfield code="a">Simon, Albert</subfield></datafield><datafield ind1="1" ind2="0" tag="245"><subfield code="a">An introduction to thermonuclear research. a series of lectures given in 1955</subfield><subfield code="b">Division xiv: plasma physics and thermonuclear research. vol.1</subfield><subfield code="c">Albert Simon</subfield></datafield><datafield ind1=" " ind2=" " tag="260"><subfield code="a">London, Pergamon Press, 1959,</subfield></datafield><datafield ind1=" " ind2=" " tag="300"><subfield code="a">182P</subfield></datafield><datafield ind1=" " ind2=" " tag="490"><subfield code="a">International Series Of Monographs On Nuclear Energy</subfield></datafield><datafield ind1=" " ind2=" " tag="852"><subfield code="a">14612</subfield><subfield code="c">533.9</subfield></datafield><datafield ind1=" " ind2=" " tag="CAT"><subfield code="a">Sys</subfield><subfield code="c">20101002</subfield><subfield code="h">123238</subfield></datafield></record></collection>